@misc{mitre2021:cve,
	author = {MITRE},
	title  = {About CVE},
	year   = {2021},
	url    = {https://cve.mitre.org/}
}

@article{jia2021:oss-vulnerability,
	title    = {开源软件漏洞库综述},
	journal  = {信息安全研究},
	__volume = {7},
	issue    = {06},
	pages    = {566-574},
	year     = {2021},
	issn     = {2096-1057},
	author   = {贾培养 and 孙鸿宇 and 曹婉莹 and 伍高飞 and 王文杰},
	keywords = {开源软件, 漏洞数据库, 版本控制, 开源漏洞情报, 开源漏洞库},
	abstract = {近年来,随着软件开发周期的不断缩短,越来越多的软件开发者在其项目代码中使用大量的开源代码.软件开发者往往只关注自己负责部分的代码安全,几乎不关注项目采用的开源代码的安全性问题.开源软件的使用者很难将传统漏洞数据库中的漏洞条目对应到当前的软件版本中.现有的漏洞版本控制方案和开源代码的版本控制方案之间存在一定的差异,这使得开源代码使用者无法及时修复存在漏洞的代码,因此一个能够准确收集开源漏洞情报并对漏洞进行精确匹配的漏洞库是十分必要的.首先介绍了开源代码的广泛使用带来的潜在安全挑战;其次对现有开源漏洞库平台的情况进行了详细分析,同时对现有开源漏洞库从多个维度进行了对比研究;然后给出了当前开源漏洞库建设面临的问题和挑战;最后给出了建设开源漏洞数据库的一些建议.}
}
